@article{putra2019parameter,
  title={Parameter tuning of g-mapping slam (simultaneous localization and mapping) on mobile robot with laser-range finder 360 sensor},
  author={Putra, Irham Arfakhsadz and Prajitno, Prawito},
  booktitle={2019 International Seminar on Research of Information Technology and Intelligent Systems (ISRITI)},
  pages={148--153},
  year={2019},
  organization={IEEE}
}

@article{zheng2020feature,
  title={Feature based monocular visual odometry for autonomous driving and hyperparameter tuning to improve trajectory estimation},
  author={Zheng, Ziyang},
  booktitle={Journal of Physics: Conference Series},
  volume={1453},
  number={1},
  pages={012067},
  year={2020},
  organization={IOP Publishing}
}

@article{kostusiak2019efficiency,
  title={On the efficiency of population-based optimization in finding best parameters for RGB-D visual odometry},
  author={Kostusiak, Aleksander and Skrzypczy{\'n}ski, Piotr},
  journal={Journal of Automation Mobile Robotics and Intelligent Systems},
  volume={13},
  year={2019}
}

@article{koide2021automatic,
  title={Automatic hyper-parameter tuning for black-box lidar odometry},
  author={Koide, Kenji and Yokozuka, Masashi and Oishi, Shuji and Banno, Atsuhiko},
  booktitle={2021 IEEE International Conference on Robotics and Automation (ICRA)},
  pages={5069--5074},
  year={2021},
  organization={IEEE}
}

@article{chen2018visual,
  title={Visual-inertial slam extrinsic parameter calibration based on bayesian optimization},
  author={Chen, Zhaozhong},
  year={2018},
  publisher={University of Colorado at Boulder}
}

@article{lidar_sota,
  title={LiDAR-based SLAM for robotic mapping: state of the art and new frontiers},
  author={Yue, Xiangdi and Zhang, Yihuan and Chen, Jiawei and Chen, Junxin and Zhou, Xuanyi and He, Miaolei},
  journal={Industrial Robot: the international journal of robotics research and application},
  volume={51},
  number={2},
  pages={196--205},
  year={2024},
  publisher={Emerald Publishing Limited}
}

@article{hong2021radar,
  title={Radar SLAM: A robust SLAM system for all weather conditions},
  author={Hong, Ziyang and Petillot, Yvan and Wallace, Andrew and Wang, Sen},
  journal={arXiv preprint arXiv:2104.05347},
  year={2021}
}

@inproceedings{radar_slam,
  title={Real-time pose graph SLAM based on radar},
  author={Holder, Martin and Hellwig, Sven and Winner, Hermann},
  booktitle={2019 IEEE Intelligent Vehicles Symposium (IV)},
  pages={1145--1151},
  year={2019},
  organization={IEEE}
}

@article{yang2020hyperparameter,
  title={On hyperparameter optimization of machine learning algorithms: Theory and practice},
  author={Yang, Li and Shami, Abdallah},
  journal={Neurocomputing},
  volume={415},
  pages={295--316},
  year={2020},
  publisher={Elsevier}
}

@article{bissuel2020hyper,
  title={Hyper-parameter optimization algorithms: a short review},
  author={Bissuel, Alo{\"\i}s},
  journal={Criteo tech blog, Medium. Dispon{\'\i}vel em: https://medium. com/criteo-labs/hyper-parameter-optimizationalgorithms-2fe447525903. Acedido em},
  year={2020}
}

@article{bergstra2012random,
  title={Random search for hyper-parameter optimization},
  author={Bergstra, James and Bengio, Yoshua},
  journal={The journal of machine learning research},
  volume={13},
  number={1},
  pages={281--305},
  year={2012},
  publisher={JMLR. org}
}

@article{mockus1998application,
  title={The application of Bayesian methods for seeking the extremum},
  author={Mockus, Jonas},
  journal={Towards global optimization},
  volume={2},
  pages={117},
  year={1998}
}

@article{elshawi2019automated,
  title={Automated machine learning: State-of-the-art and open challenges},
  author={Elshawi, Radwa and Maher, Mohamed and Sakr, Sherif},
  journal={arXiv preprint arXiv:1906.02287},
  year={2019}
}

@article{rutenbar1989simulated,
  title={Simulated annealing algorithms: An overview},
  author={Rutenbar, Rob A},
  journal={IEEE Circuits and Devices magazine},
  volume={5},
  number={1},
  pages={19--26},
  year={1989},
  publisher={IEEE}
}

@article{ghasemalizadeh2016review,
  title={A review of optimization techniques in artificial networks},
  author={Ghasemalizadeh, Omid and Khaleghian, Seyedmeysam and Taheri, Saied},
  journal={International Journal of Advanced Research},
  volume={4},
  number={9},
  pages={1668--86},
  year={2016}
}

@article{soper2021greed,
  title={Greed is good: Rapid hyperparameter optimization and model selection using greedy k-fold cross validation},
  author={Soper, Daniel S},
  journal={Electronics},
  volume={10},
  number={16},
  pages={1973},
  year={2021},
  publisher={MDPI}
}

@article{huang2019survey,
  title={A survey of automatic parameter tuning methods for metaheuristics},
  author={Huang, Changwu and Li, Yuanxiang and Yao, Xin},
  journal={IEEE transactions on evolutionary computation},
  volume={24},
  number={2},
  pages={201--216},
  year={2019},
  publisher={IEEE}
}

@article{gad2018genetic,
  title={Genetic algorithm implementation in python},
  author={Gad, A},
  journal={Medium},
  year={2018}
}

@inproceedings{falkner2018bohb,
  title={BOHB: Robust and efficient hyperparameter optimization at scale},
  author={Falkner, Stefan and Klein, Aaron and Hutter, Frank},
  booktitle={International conference on machine learning},
  pages={1437--1446},
  year={2018},
  organization={PMLR}
}

@article{taheri2021slam,
  title={SLAM; definition and evolution},
  author={Taheri, Hamid and Xia, Zhao Chun},
  journal={Engineering Applications of Artificial Intelligence},
  volume={97},
  pages={104032},
  year={2021},
  publisher={Elsevier}
}

@inproceedings{chen2018review,
  title={A review of v-slam},
  author={Chen, Yalan and Zhou, Yimin and Lv, Qin and Deveerasetty, Kranthi Kumar},
  booktitle={2018 IEEE International Conference on Information and Automation (ICIA)},
  pages={603--608},
  year={2018},
  organization={IEEE}
}

@article{visual_inertial,
author = {Servières, Myriam and Renaudin, Valérie and Dupuis, Alexis and Antigny, Nicolas},
title = {Visual and Visual-Inertial SLAM: State of the Art, Classification, and Experimental Benchmarking},
journal = {Journal of Sensors},
volume = {2021},
number = {1},
pages = {2054828},
doi = {https://doi.org/10.1155/2021/2054828},
url = {https://onlinelibrary.wiley.com/doi/abs/10.1155/2021/2054828},
eprint = {https://onlinelibrary.wiley.com/doi/pdf/10.1155/2021/2054828},
year = {2021}
}

@article{liu2024voxelslamcompleteaccurateversatile,
      title={Voxel-SLAM: A Complete, Accurate, and Versatile LiDAR-Inertial SLAM System}, 
      author={Zheng Liu and Haotian Li and Chongjian Yuan and Xiyuan Liu and Jiarong Lin and Rundong Li and Chunran Zheng and Bingyang Zhou and Wenyi Liu and Fu Zhang},
      year={2024},
      eprint={2410.08935},
      archivePrefix={arXiv},
      primaryClass={cs.RO},
      url={https://arxiv.org/abs/2410.08935}, 
}

@article{liu2023lidarinertialvisualslamloopdetection,
      title={A LiDAR-Inertial-Visual SLAM System with Loop Detection}, 
      author={Kangcheng Liu},
      year={2023},
      eprint={2301.05604},
      archivePrefix={arXiv},
      primaryClass={cs.RO},
      url={https://arxiv.org/abs/2301.05604}, 
}